@techreport{ilprints422,
          number = {1999-66},
           month = {November},
          author = {Lawrence Page and Sergey Brin and Rajeev Motwani and Terry Winograd},
            note = {Previous number = SIDL-WP-1999-0120},
           title = {The PageRank Citation Ranking: Bringing Order to the Web.},
            type = {Technical Report},
       publisher = {Stanford InfoLab},
            year = {1999},
     institution = {Stanford InfoLab},
             url = {http://ilpubs.stanford.edu:8090/422/},
        abstract = {The importance of a Web page is an inherently subjective matter, which depends on the readers interests, knowledge and attitudes. But there is still much that can be said objectively about the relative importance of Web pages. This paper describes PageRank, a mathod for rating Web pages objectively and mechanically, effectively measuring the human interest and attention devoted to them. We compare PageRank to an idealized random Web surfer. We show how to efficiently compute PageRank for large numbers of pages. And, we show how to apply PageRank to search and to user navigation.}
}

@misc{snapnets,
  author       = {Jure Leskovec and Andrej Krevl},
  title        = {{SNAP Datasets}: {Stanford} Large Network Dataset Collection},
  howpublished = {\url{http://snap.stanford.edu/data}},
  month        = jun,
  year         = 2014
}

@misc{ wiki:PageRank,
   author = "Wikipedia",
   title = "{PageRank} --- {W}ikipedia{,} The Free Encyclopedia",
   year = "2016",
   howpublished = {\url{http://en.wikipedia.org/w/index.php?title=PageRank&oldid=741332093}},
   note = "[Online; accessed 11-October-2016]"
 }

@misc{analyticsvidhya,
  author       = {Srivastava, Tavish},
  title        = {PageRank explained in simple terms!},
  howpublished = {\url{https://www.analyticsvidhya.com/blog/2015/04/pagerank-explained-simple/}},
  month        = apr,
  year         = 2015
}

@misc{eigfinder-power-methods,
  author       = {Wang, Justin J.},
  title        = {Eigfinder Power Methods: Development, Implementation, and Analysis},
  howpublished = {\url{https://github.com/justwjr/Numerical-Analysis}},
  month        = may,
  year         = 2014
}

@misc{knill,
  author       = {Knill, Oliver},
  title        = {Markov matrices},
  howpublished = {\url{www.math.harvard.edu/~knill/teaching/math19b_2011/handouts/lecture33.pdf/}},
  month        = apr,
  year         = 2011
}

@Book{aziz2012elements,
 author = {Aziz, Adnan},
 title = {Elements of programming interviews : 300 questions and solutions},
 publisher = {CreateSpace Independent Publishing Platform},
 year = {2012},
 address = {Place of publication not identified},
 isbn = {9781479274833}
 }
 
@inproceedings{hagberg-2008-exploring,
author = {Aric A. Hagberg and Daniel A. Schult and Pieter J. Swart},
title = {Exploring network structure, dynamics, and function using {NetworkX}},
year = {2008},
month = Aug,
urlpdf = {http://math.lanl.gov/~hagberg/Papers/hagberg-2008-exploring.pdf},
booktitle = {Proceedings of the 7th Python in Science Conference (SciPy2008)},
editors = {G\"{a}el Varoquaux, Travis Vaught, and Jarrod Millman},
address = {Pasadena, CA USA},
pages = {11--15}
}